<record><leader>00000cas a2200000 a 4500</leader><controlfield tag="001">9357272</controlfield><controlfield tag="008">830329d18231829ohucr ne      0   a0eng c</controlfield><datafield ind1=" " ind2=" " tag="010"><subfield code="a">sn 83045187 </subfield></datafield><datafield ind1=" " ind2=" " tag="040"><subfield code="a">CRL</subfield><subfield code="b">eng</subfield><subfield code="c">CRL</subfield><subfield code="d">NPW</subfield><subfield code="d">NPX</subfield><subfield code="d">DLC</subfield><subfield code="d">ONP</subfield><subfield code="d">KNP</subfield><subfield code="d">ONP</subfield><subfield code="d">KNP</subfield><subfield code="d">CNK</subfield><subfield code="d">ONP</subfield><subfield code="d">NVF</subfield><subfield code="d">CVF</subfield><subfield code="d">OCL</subfield><subfield code="d">CRL</subfield><subfield code="d">OCLCQ</subfield><subfield code="d">OCLCF</subfield><subfield code="d">DLC</subfield></datafield><datafield ind1=" " ind2=" " tag="012"><subfield code="l">1</subfield></datafield><datafield ind1="0" ind2=" " tag="022"><subfield code="a">2575-3207</subfield><subfield code="2">1</subfield></datafield><datafield ind1=" " ind2=" " tag="042"><subfield code="a">pcc</subfield><subfield code="a">nsdp</subfield></datafield><datafield ind1=" " ind2=" " tag="043"><subfield code="a">n-us-oh</subfield></datafield><datafield ind1="0" ind2="0" tag="050"><subfield code="a">Newspaper 9226</subfield></datafield><datafield ind1="1" ind2="0" tag="082"><subfield code="a">070</subfield><subfield code="2">23</subfield></datafield><datafield ind1=" " ind2="0" tag="222"><subfield code="a">Cincinnati advertiser</subfield></datafield><datafield ind1="0" ind2="0" tag="245"><subfield code="a">Cincinnati advertiser.</subfield></datafield><datafield ind1=" " ind2=" " tag="260"><subfield code="a">Cincinnati [Ohio] :</subfield><subfield code="b">James M. Mason,</subfield><subfield code="c">1823-1829.</subfield></datafield><datafield ind1=" " ind2=" " tag="300"><subfield code="a">v.</subfield></datafield><datafield ind1=" " ind2=" " tag="310"><subfield code="a">Semiweekly,</subfield><subfield code="b">Feb. 1, 1823-Dec. 12, 1829</subfield></datafield><datafield ind1=" " ind2=" " tag="321"><subfield code="a">Triweekly,</subfield><subfield code="b">Jan. 6, 1823-Jan. 27, 1823</subfield></datafield><datafield ind1="0" ind2=" " tag="362"><subfield code="a">New ser., v. 1, no. 1 (Jan. 6, 1823)-new ser., v. 7, no. 99 (Dec. 12, 1829) = Whole no. 237-whole no. 702.</subfield></datafield><datafield ind1=" " ind2=" " tag="515"><subfield code="a">New ser., v. 7, no. 61 (Aug. 1, 1829) = whole no. [656] misnumbered 650.</subfield></datafield><datafield ind1=" " ind2=" " tag="530"><subfield code="a">Also issued on microfilm from Readex Microfilm Products (filmed with other items).</subfield></datafield><datafield ind1=" " ind2=" " tag="580"><subfield code="a">Weekly ed.: Advertiser (Cincinnati, Ohio : 1824).</subfield></datafield><datafield ind1=" " ind2="0" tag="651"><subfield code="a">Cincinnati (Ohio)</subfield><subfield code="v">Newspapers.</subfield></datafield><datafield ind1=" " ind2="0" tag="651"><subfield code="a">Hamilton County (Ohio)</subfield><subfield code="v">Newspapers.</subfield></datafield><datafield ind1=" " ind2="7" tag="651"><subfield code="a">Ohio</subfield><subfield code="z">Cincinnati.</subfield><subfield code="2">fast</subfield><subfield code="0">(OCoLC)fst01205142</subfield></datafield><datafield ind1=" " ind2="7" tag="651"><subfield code="a">Ohio</subfield><subfield code="z">Hamilton County.</subfield><subfield code="2">fast</subfield><subfield code="0">(OCoLC)fst01205597</subfield></datafield><datafield ind1=" " ind2="7" tag="655"><subfield code="a">Newspapers.</subfield><subfield code="2">fast</subfield><subfield code="0">(OCoLC)fst01423814</subfield></datafield><datafield ind1=" " ind2=" " tag="752"><subfield code="a">United States</subfield><subfield code="b">Ohio</subfield><subfield code="c">Hamilton</subfield><subfield code="d">Cincinnati.</subfield></datafield><datafield ind1="1" ind2=" " tag="775"><subfield code="t">Advertiser (Cincinnati, Ohio : 1824)</subfield><subfield code="w">(DLC)sn 85025816</subfield><subfield code="w">(OCoLC)11934719</subfield></datafield><datafield ind1="0" ind2="0" tag="780"><subfield code="t">Cincinnati inquisitor advertiser</subfield><subfield code="w">(DLC)sn 83045186</subfield><subfield code="w">(OCoLC)9357425</subfield></datafield><datafield ind1="0" ind2="0" tag="785"><subfield code="t">Cincinnati advertiser, and Ohio phoenix</subfield><subfield code="x">2575-3215</subfield><subfield code="w">(DLC)sn 84028722</subfield><subfield code="w">(OCoLC)11417376</subfield></datafield><datafield ind1="1" ind2=" " tag="029"><subfield code="a">AU@</subfield><subfield code="b">000002658523</subfield></datafield></record>